<?xml version="1.0" encoding="UTF-8"?><collection xmlns="http://www.loc.gov/MARC21/slim"><record><leader>00482nam--2200133-i-4500</leader><controlfield tag="001">000043861</controlfield><controlfield tag="002">20161230</controlfield><controlfield tag="005">20161230201044</controlfield><controlfield tag="008">060222s1000------------r-----000-0-eng-d</controlfield><datafield ind1=" " ind2=" " tag="080"><subfield code="a">62-523:025.3</subfield></datafield><datafield ind1=" " ind2=" " tag="100"><subfield code="a">Sturza, Dan</subfield></datafield><datafield ind1=" " ind2=" " tag="245"><subfield code="a">Studiu comparativ asupra diferitelor sisteme de inmagazinare, regasire si difuzare a informatiilor cu ajutorul echipamentelor electronice de calcul</subfield></datafield><datafield ind1=" " ind2=" " tag="260"><subfield code="a">Bucuresti, Inst.Nat.De Inform.Si Docum.Stiintifica Si Tehnica, 1973, 102p</subfield></datafield><datafield ind1=" " ind2=" " tag="852"><subfield code="a">39572</subfield></datafield></record></collection>